% Use this file for citations not found in the ACL Anthology (contained in "anthology.bib").

@article{g-retriever,
  title   = {G-Retriever: Retrieval-Augmented Generation for Textual Graph Understanding and Question Answering},
  author  = {Xiaoxin He and Yijun Tian and Yifei Sun and N. Chawla and Thomas Laurent and Yann LeCun and Xavier Bresson and Bryan Hooi},
  journal = {ArXiv},
  year    = {2024},
  volume  = {abs/2402.07630},
  url     = {https://api.semanticscholar.org/CorpusID:267626823}
}
@article{rag,
  title   = {Retrieval-Augmented Generation for Knowledge-Intensive NLP Tasks},
  author  = {Patrick Lewis and Ethan Perez and Aleksandara Piktus and Fabio Petroni and Vladimir Karpukhin and Naman Goyal and Heinrich Kuttler and Mike Lewis and Wen-tau Yih and Tim Rockt{\"a}schel and Sebastian Riedel and Douwe Kiela},
  journal = {ArXiv},
  year    = {2020},
  volume  = {abs/2005.11401},
  url     = {https://api.semanticscholar.org/CorpusID:218869575}
}